<?xml version="1.0" encoding="UTF-8"?><record xmlns="http://www.loc.gov/MARC21/slim" xmlns:cinclude="http://apache.org/cocoon/include/1.0" xmlns:zs="http://www.loc.gov/zing/srw/">
  <leader>00462nz  a2200133n  4500</leader>
  <controlfield tag="001">n  85121564 </controlfield>
  <controlfield tag="003">DLC</controlfield>
  <controlfield tag="005">19860128170326.0</controlfield>
  <controlfield tag="008">851226n| acannaab|          |a aaa ||| c</controlfield>
  <datafield tag="010" ind1=" " ind2=" ">
    <subfield code="a">n  85121564 </subfield>
  </datafield>
  <datafield tag="040" ind1=" " ind2=" ">
    <subfield code="a">MiU</subfield>
    <subfield code="c">DLC</subfield>
    <subfield code="d">DLC</subfield>
  </datafield>
  <datafield tag="100" ind1="1" ind2="0">
    <subfield code="a">Bli︠u︡kher, V. V.</subfield>
    <subfield code="q">(Vasiliĭ Vasilʹevich)</subfield>
  </datafield>
  <datafield tag="400" ind1="1" ind2="0">
    <subfield code="a">Bli︠u︡kher, Vasiliĭ Vasilʹevich</subfield>
  </datafield>
  <datafield tag="670" ind1=" " ind2=" ">
    <subfield code="a">His Po voennym dorogam ott︠s︡a, 1984:</subfield>
    <subfield code="b">t.p. (V.V. Bli︠u︡kher) colophon (Vasiliĭ Vasilʹevich Bli︠u︡kher)</subfield>
  </datafield>
</record>